@ARTICLE{Logistic_Regression,
	author = {Ng, Andrew and Ma, Tengyu},
	title = {{C}{S}229 {N}otes 1},
	year = {2020},
	pages = {14-17},
	month = {Fall},
	publisher = {Stanford University},
	url = {http://cs229.stanford.edu/notes2020fall/notes2020fall/cs229-notes1.pdf}
}

@ARTICLE{SVMs,
	author = {Ng, Andrew and Ma, Tengyu},
	title = {{C}{S}229 {N}otes 3},
	year = {2020},
	pages = {11-17},
	month = {Fall},
	publisher = {Stanford University},
	url = {http://cs229.stanford.edu/notes2020fall/notes2020fall/cs229-notes3.pdf}
}

@ARTICLE{WHO,
	author = {Singh, Poonam K.},
	title = {{W}orld {S}troke {D}ay},
	year = {2019},
	month = {October},
	publisher = {World Health Organization},
	url = {https://www.who.int/southeastasia/news/speeches/detail/world-stroke-day-2019}
}

@TECHREPORT{Stroke_Prediction,
    author = {Khosla, Aditya and Cao, Yu and Lin, Cliff C. and Chiu, Hsu-Kuang and Hu, Jungling and Lee, Honglak},
    title = {{A}n {I}ntegrated {M}achine {L}earning {A}pproach
to {S}troke {P}rediction},
    year = {2010},
    month = {July},
    publisher = {MIT CSAIL},
    url = {https://people.csail.mit.edu/khosla/papers/kdd2010.pdf}
}

@TECHREPORT{Random_Forest,
    author = {Yiu, Tony},
    title = {{U}nderstanding {R}andom {F}orest},
    year = {2019},
    month = {June},
    publisher = {Towards Data Science},
    url = {https://towardsdatascience.com/understanding-random-forest-58381e0602d2}
}

@TECHREPORT{BMI,
    author = {Armstrong, Brock},
    title = {{I}s {B}MI an {A}ccurate {W}ay to {M}easure {B}ody {F}at?},
    year = {2019},
    month = {June},
    publisher = {Scientific American},
    url = {https://www.scientificamerican.com/article/is-bmi-an-accurate-way-to-measure-body-fat/}
}

@TECHREPORT{Kaggle,
    author = {fedesoriano},
    title = {Stroke {P}rediction {D}ataset},
    year = {2021},
    month = {Februrary},
    publisher = {Kaggle},
    url = {https://www.kaggle.com/fedesoriano/stroke-prediction-dataset}
}